% Encoding: windows-1252


@Manual{abntex2classe,
  Title                    = {A classe abntex2: Modelo can{\^o}nico de trabalhos acad{\^e}micos brasileiros compat{\'\i}vel com as normas ABNT NBR 14724:2011, ABNT NBR 6024:2012 e outras},
  Author                   = {abnTeX2 and Lauro C{\'e}sar Araujo},
  Organization             = {Equipe abnTeX2},
  Year                     = {2013},
  Bdsk-url-1               = {http://code.google.com/p/abntex2/},
  Date-added               = {2013-01-09 10:37:38 +0000},
  Date-modified            = {2013-04-05 11:03:48 +0000},
  URL                      = {http://abntex2.googlecode.com/},
  Urlaccessdate            = {22 abr. 2016}
}

@Manual{abntex2modelo-artigo,
  Title                    = {Modelo Can{\^o}nico de Artigo Cient{\'\i}fico com abnTeX2},
  Author                   = {abnTeX2},
  Organization             = {Equipe abnTeX2},
  Year                     = {2013},
  Annote                   = {Este documento {\'e} derivado do \cite{abnt-bibtex-doc}},
  Bdsk-url-1               = {http://code.google.com/p/abntex2/},
  Date-added               = {2013-01-15 00:10:35 +0000},
  Date-modified            = {2013-02-04 12:05:47 +0000},
  URL                      = {http://abntex2.googlecode.com/},
  Urlaccessdate            = {22 abr. 2016}
}

@Manual{EIA649B,
  Title                    = {ANSI/EIA 649-B: Configuration Management Standard},
  Address                  = {EUA},
  Month                    = {June},
  Organization             = {TechAmerica},
  Year                     = {2011},
  Date-added               = {2012-04-23 11:34:59 +0000},
  Date-modified            = {2012-04-23 11:34:59 +0000},
  Keywords                 = {norma}
}

@InProceedings{masolo2010,
  Title                    = {Understanding Ontological Levels},
  Author                   = {Claudio Masolo},
  Booktitle                = {Proceedings of the Twelfth International Conference on the Principles of Knowledge Representation and Reasoning (KR 2010)},
  Year                     = {2010},
  Editor                   = {Lin, F. and Sattler, U.},
  Pages                    = {258-268},
  Publisher                = {AAAI Press},
  Bdsk-url-1               = {http://wiki.loa-cnr.it/Papers/kr10v0.7.pdf},
  Date-added               = {2012-04-23 11:34:38 +0000},
  Date-modified            = {2012-04-23 11:34:38 +0000},
  URL                      = {http://wiki.loa-cnr.it/Papers/kr10v0.7.pdf},
  Urlaccessdate            = {22 abr. 2016}
}

@Manual{memoir,
  Title                    = {The Memoir Class for Configurable Typesetting - User Guide},
  Address                  = {Normandy Park, WA},
  Author                   = {Peter Wilson and Lars Madsen},
  Organization             = {The Herries Press},
  Year                     = {2010},
  Bdsk-url-1               = {http://ctan.tche.br/macros/latex/contrib/memoir/memman.pdf},
  Date-added               = {2013-01-09 10:37:50 +0000},
  Date-modified            = {2013-03-21 13:23:25 +0000},
  URL                      = {http://mirrors.ctan.org/macros/latex/contrib/memoir/memman.pdf},
  Urlaccessdate            = {22 abr. 2016}
}

